<?xml version="1.0" encoding="UTF-8"?><collection xmlns="http://www.loc.gov/MARC21/slim"><record><leader>00644nam--2200229-i-4500</leader><controlfield tag="001">000011147</controlfield><controlfield tag="002">20161230</controlfield><controlfield tag="005">20161230201029</controlfield><controlfield tag="008">060222s1000------------r-----000-0-rum-d</controlfield><datafield ind1=" " ind2=" " tag="040"><subfield code="a">IFIN-HH</subfield></datafield><datafield ind1=" " ind2=" " tag="041"><subfield code="a">rum</subfield></datafield><datafield ind1=" " ind2=" " tag="080"><subfield code="a">519.2(076.5)</subfield></datafield><datafield ind1="1" ind2=" " tag="100"><subfield code="a">Ciucu, G</subfield></datafield><datafield ind1="1" ind2="0" tag="245"><subfield code="a">Probleme de teoria probabilitatilor</subfield><subfield code="c">George Ciucu; Virgil Craiu; Ion Sacuiu</subfield></datafield><datafield ind1=" " ind2=" " tag="250"><subfield code="a">Ed.Ii-a Revizuita Si Imbunatatita</subfield></datafield><datafield ind1=" " ind2=" " tag="260"><subfield code="a">Bucuresti, Editura Tehnica, 1974</subfield></datafield><datafield ind1=" " ind2=" " tag="300"><subfield code="a">365 P</subfield></datafield><datafield ind1=" " ind2=" " tag="490"><subfield code="a">Culegeri De Probleme De Matematica Si Fizica</subfield></datafield><datafield ind1=" " ind2=" " tag="650"><subfield code="a">Ion Sacuiu</subfield></datafield><datafield ind1=" " ind2=" " tag="700"><subfield code="a">Craiu Virgil</subfield></datafield><datafield ind1=" " ind2=" " tag="852"><subfield code="a">40902</subfield><subfield code="c">519.2</subfield></datafield><datafield ind1=" " ind2=" " tag="CAT"><subfield code="a">Sys</subfield><subfield code="c">20100527</subfield><subfield code="h">112336</subfield></datafield></record></collection>